<?xml version="1.0" encoding="UTF-8"?><collection xmlns="http://www.loc.gov/MARC21/slim"><record><leader>00358nam--2200133-i-4500</leader><controlfield tag="001">000043268</controlfield><controlfield tag="002">20161230</controlfield><controlfield tag="005">20161230201044</controlfield><controlfield tag="008">060222s1000------------r-----000-0-eng-d</controlfield><datafield ind1=" " ind2=" " tag="080"><subfield code="a">621.1</subfield></datafield><datafield ind1=" " ind2=" " tag="245"><subfield code="a">Svet,i.t</subfield></datafield><datafield ind1=" " ind2=" " tag="260"><subfield code="a">Ijnstalatii Termoenergetice De Putere Medie Si Mica. Indreptar</subfield></datafield><datafield ind1=" " ind2=" " tag="490"><subfield code="a">Bucuresti, Ed.Energ.De Stat, 1955. 252 P.Lito</subfield></datafield><datafield ind1=" " ind2=" " tag="852"><subfield code="a">4355</subfield></datafield></record></collection>